@inproceedings{SiftBowSvm,
	title={Real-Time Hand Gesture Detection and Recognition Using Bag-of-Features and Support Vector Machine Techniques.},
	author={Dardas N. H. and Georganas D.},
	year={2011},
	organization={IEEE}
}

@inproceedings{Temp1,
	title={Hand gesture recognition using multi-scale colour features, hierarchical models and particle filtering.},
	author={Bretzner L. and Laptev I. and Lindeberg T.},
	year={2002},
	booktitle={5th IEEE International Conference on Automatic Face and Gesture Recognition},
 	pages={405-410}
}

@inproceedings{Temp2,
	title={A comparison of skin history and trajectory-based representation schemes for the recognition of user-specific gestures.},
	author={McKenna S. and Morrison K.},
	year={2004},
	volume={37},
	booktitle={Pattern Recognition},
	pages={999-1009}
}

@inproceedings{ViolaJonesRobustDetection,
	title={Robust real-time object detection.},
	author={Viola P. and Jones M.},
	booktitle={Computer Vision and Pattern Recognition},
	year={2004},
	volume={2},
	booktitle={International Journal of Computer Vision},
	pages={137-154}
}

@

@inproceedings{ViolaJonesIntegralImage,
	title={Rapid object detection using a boosted cascade of simple features.},
	author={Viola P. and Jones M.},
	booktitle={Computer Vision and Pattern Recognition},
	year={2001},
	organization={IEEE}
}

@inproceedings{ManufacturingForIndustry,
  title={A Categorical Framework of Manufacturing for Industry 4.0 and Beyond},
  author={Qina J. and Liua Y. and Grosvenora R.},
  year={2016},
  organization={ScienceDirect}
}

@inproceedings{CyberPhysicalForIndustry,
	title={A Cyber-Physical Systems architecture for Industry 4.0-based manufacturing systems},
	author={Lee J. and Bagheri B. and Kao H.},
	year={2015},
	organization={ScienceDirect}
}

@inproceedings{Industry40Wittbrodt,
	title={Przemysł 4.0 - wyzwanie dla wsp{\'o}łczesnych przedsiębiorstw produkcyjnych},
	author={Wittbrodt P. and {\L{}}apu{\'n}ka I.},
	booktitle={Innowacje w zarz{\k{a}}dzaniu i inżynierii produkcji},
	pages = {793--799},
	year={2017},
	publisher = {Oficyna Wydawnicza Polskiego Towarzystwa Zarz{\k{a}}dzania Produkcj{\k{a}}},
	address={Opole}
}

@inproceedings{Industry40,
	title={Implementation of Industry 4.0 Technologies in the Mining Industry: A Case Study},
	author={Sishi M. N. and Telukdarie A.},
	year={2017},
	organization={IEEE}
}

@inproceedings{BibliografiaScaleSpace,
	title={: An extended class of scale-invariant and recursive scale space filters.},
	author={Pauwels E. and van Gool L. and Fiddelaers P. and Moons T.},
	booktitle={IEEE Transactions on Pattern Analysis and Machine Intelligence},
	volume={17},
	pages={691--701}
}

@inproceedings{StockIndustry,
	title={Opportunities of Sustainable Manufacturing in Industry 4.0},
	author={Stock T. and Seliger G.},
	year={2016},
	booktitle={Procedia CIRP},
	volume={20},
	pages={536--541}
}

@inproceedings{IarovyiIndustry,
	title={Cyber–Physical Systems for Open-Knowledge-Driven Manufacturing Execution Systems},
	author={Iarovyi S. and Mohammed W. and Lobov A. and Ferrer B. and Lastra J.},
	year={2016},
	bootitle={Proceedings of the IEEE},
	volume={104},
	pages={1142--1152}
}

@inproceedings{BigDataTabakow,
	title={Big Data – Definicje, wyzwania i technologie informatyczne},
	author={Tabakow M. and Korczak J. and Franczyk B.},
	booktitle={Informatyka ekonomiczna},
	year={2014},
	address={Wroc{\l{}}aw},
	doi={10.15611/ie.2014.1.12},
	publisher={Uniwersytet Ekonomiczny we Wrocławiu},
	pages={138--157}
}

@Book{SCADA,
	author={Jakuszewski R.},
	title={Podstawy programowania systemów SCADA},
	year={2010},
	address={Gliwice},
	publisher={Wydawnictwo Pracowni Komputerowej Jacka Skalmierskiego}
}

@Book{Modbus,
	author={Rutkowski T.},
	title={Protokół modbus},
	year={2011},
	address={Gdańsk},
	publisher={Politechnika Gdańska}
}


@inproceedings{NotationD-H,
	title={Research on the Relationship between Classic Denavit-Hartenberg and Modified Denavit-Hartenberg},
	author={Wang H. and Qi H. and Xu M. and Tang Y. and  Yao J. and Yan X. and Li M.},
	year={2014},
	series={2014 Seventh International Symposium on Computational Intelligence and Design}
}



@misc{Zaczyk,
	author        = {Zaczyk M.},
	title         = {Kinematyka prosta. Materiały wykładowe.}
}

@misc{SystemDwojkowy,
	author        = {Finley T.},
	title         = {Two's Complement.},
	year = {2000},
	month = {Kwiecień}
}